<record><leader>00000cas a22000007a 4500</leader><controlfield tag="001">28248366</controlfield><controlfield tag="008">930610d19011929scucr ne      0    0eng d</controlfield><datafield ind1=" " ind2=" " tag="010"><subfield code="a">sn 93067802 </subfield></datafield><datafield ind1=" " ind2=" " tag="040"><subfield code="a">SVN</subfield><subfield code="b">eng</subfield><subfield code="c">SVN</subfield><subfield code="d">OCLCQ</subfield></datafield><datafield ind1=" " ind2=" " tag="042"><subfield code="a">msc</subfield></datafield><datafield ind1="0" ind2=" " tag="130"><subfield code="a">Observer (Newberry, S.C.)</subfield></datafield><datafield ind1="1" ind2="4" tag="245"><subfield code="a">The observer.</subfield></datafield><datafield ind1=" " ind2=" " tag="260"><subfield code="a">Newberry, S.C. :</subfield><subfield code="b">W.H. Wallace</subfield></datafield><datafield ind1=" " ind2=" " tag="300"><subfield code="a">v.</subfield></datafield><datafield ind1=" " ind2=" " tag="310"><subfield code="a">Semiweekly,</subfield><subfield code="b">Nov. 12, 1901-July 5, 1929</subfield></datafield><datafield ind1=" " ind2=" " tag="321"><subfield code="a">Weekly,</subfield><subfield code="b">Mar. 28, 1901-Nov. 5, 1901</subfield></datafield><datafield ind1="0" ind2=" " tag="362"><subfield code="a">Vol. 19, no. 13 (Mar. 28, 1901)-v. 47, no. 27 (July 5, 1929).</subfield></datafield><datafield ind1=" " ind2="4" tag="651"><subfield code="a">Newberry County (S.C.)</subfield><subfield code="v">Newspapers.</subfield></datafield><datafield ind1=" " ind2=" " tag="752"><subfield code="a">United States</subfield><subfield code="b">South Carolina</subfield><subfield code="c">Newberry</subfield><subfield code="d">Newberry.</subfield></datafield><datafield ind1="0" ind2="0" tag="780"><subfield code="t">Newberry observer (Newberry, S.C.: 1883)</subfield><subfield code="w">(DLC)sn 93067778</subfield></datafield><datafield ind1="0" ind2="0" tag="785"><subfield code="t">Newberry observer (Newberry, S.C.: 1929)</subfield><subfield code="w">(DLC)sn 93067819</subfield></datafield><datafield ind1="1" ind2=" " tag="029"><subfield code="a">AU@</subfield><subfield code="b">000025892037</subfield></datafield></record>